@book{rbf_kernel,
	author = {Wikipedia},
	title = {Radial basis function kernel},
	publisher = {Wikipedia},
	year = {03.03.2021}
}

@book{svm,
	author = {Vladimir Vapnik},
	title = {Support-Vector Networks by Corinna Cortes},
	publisher = {FILL IT},
	year = {1995}
}
@book{baltic_lsc,
	author = {FILL IT},
	title = {BalticLSC: BalticLSC Admin Tool Technical Documentation, Design of the Computation Application Language, Design of the BalticLSC Computation Tool \\\texttt{https://www.balticlsc.eu/wp-content/uploads \newline /2020/03/O5.2A\_O5.3A\_O5.4ABalticLSC\_Software\_Design.pdf}},
	publisher = {FILL IT},
	year = {14.03.2021}
}
@book{baltic_lsc_website,
	author = {FILL IT},
	title = {BalticLSC: main webpage of the project},
	publisher = {FILL IT},
	year = {14.03.2021}
}
@book{svrc,
	author = {Dr. Saed Sayad},
	title = {Support Vector Regression},
	publisher = {FILL IT},
	year = {17.01.2021}
}
@book{rbf_params,
	author = {David Cournapeau and others},
	title = {RBF parameters},
	url = {https://www.programmersought.com/article/44944139126/},
	publisher = {sklearn},
	year = {since 2007}
}
@book{svr,
	author = {David Cournapeau and others},
	title = {Support Vector Regression},
	url = {https://scikit-learn.org/stable/modules/generated
	/sklearn.svm.SVR.html},
	publisher = {sklearn},
	year = {visited 27.12.2020}
}
@book{knnreg,
	author = {David Cournapeau and others},
	title = {KNN Regression},
	url = {https://scikit-learn.org/stable/modules/neighbors.html#regression},
	publisher = {sklearn},
	year = {visited 10.04.2021}
}
@book{minkowski,
	author = {wikipedia.org},
	title = {Minkowski distance},
	url = {https://en.wikipedia.org/wiki/Minkowski_distance},
	publisher = {wikipedia.org},
	year = {visited 10.04.2021}
}
@book{euclidean,
	author = {wikipedia.org},
	title = {Euclidean distance},
	url = {https://en.wikipedia.org/wiki/Euclidean_distance},
	publisher = {wikipedia.org},
	year = {visited 10.04.2021}
}
@book{scaler,
	author = {David Cournapeau and others},
	title = {Standard scaler},
	url = {https://scikit-learn.org/stable/modules/generated/sklearn.preprocessing.StandardScaler.html},
	publisher = {scikit-learn.org},
	year = {visited 18.04.2021}
}
@book{grid_search,
	author = {David Cournapeau and others},
	title = {Grid search},
	url = {https://scikit-learn.org/stable/modules/generated/sklearn.model_selection.GridSearchCV.html},
	publisher = {scikit-learn.org},
	year = {visited 18.04.2021}
}
@article{
	wcet,
	author = {},
	title = {Estimation of the execution time in real-time systems}
	url = {https://link.springer.com/article/10.1134/S0361768816010059}
	year = {11.11.2014}
}
@article{
	time-analysis,
	author = {},
	title = {Execution Time Analysis for Embedded Real-Time Systems}
	url = {http://www.es.mdh.se/pdf_publications/2840.pdf}
}
@article{
	images-processing-time,
	author = {},
	title = {Using online worst-case execution time analysis and alternative tasks in real time systems}
	url = {https://core.ac.uk/download/pdf/52106972.pdf}
}
@article{
	ga,
	title = {A Prediction Model for Measurement-Based Timing Analysis}
	url = {https://www.researchgate.net/publication/316612110_A_prediction_model_for_measurement-based_timing_analysis}
}
@article{
	surogate,
	title = {Determination of Worst-Case Data Using an Adaptive Surrogate Model for Real-Time System}
	url = {https://www.researchgate.net/publication/330739816_Determination_of_Worst-Case_Data_Using_an_Adaptive_Surrogate_Model_for_Real-Time_System}
}
@article{
	program-features,
	title = {Nonlinear approach for estimating WCET during programming phase}
	url = {https://link-1springer-1com-1000096uu0143.eczyt.bg.pw.edu.pl/content/pdf/10.1007/s10586-016-0606-5.pdf}
}
@article{
	small-n,
	title = {A solution to minimum sample size for regressions}
	url = {https://journals.plos.org/plosone/article?id=10.1371/journal.pone.0229345}
}
@article{
	complexity,
	title = {The history of Algorithmic complexity}
	url = {https://scholarworks.umt.edu/cgi/viewcontent.cgi?referer=https://www.google.com/&httpsredir=1&article=1375&context=tme}
}