@book{rbf_kernel,
	author = {Wikipedia},
	title = {Radial basis function kernel},
	url = {anything},
	publisher = {https://en.wikipedia.org/wiki/Radial\_basis\_function},
	year = {visited 03.03.2021}
}

@book{svm,
	author = {Corinna Cortes\, Vladimir Vapnik},
	title = {Support-Vector Networks},
	publisher = {Machine Learning volume 20, pages 273–297},
	year = {1995}
}
@book{baltic_lsc,
	author = {Agris Šostaks, Michał Śmiałek, Kamil Rybińsk, Radosław Roszczyk},
	title = {BalticLSC: BalticLSC Admin Tool Technical Documentation, Design of the Computation Application Language, Design of the BalticLSC Computation Tool},
	publisher = {\\\texttt{https://www.balticlsc.eu/wp-content/uploads/2020/03 \newline /O5.2A\_O5.3A\_O5.4ABalticLSC\_Software\_Design.pdf}},
	year = {14.03.2021}
}
@book{baltic_lsc_website,
	author = {Baltic Sea region},
	title = {BalticLSC: main webpage of the project},
	publisher = {\url{https://www.balticlsc.eu}},
	year = {visited 14.03.2021}
}
@book{svrc,
	author = {Dr. Saed Sayad},
	title = {Support Vector Regression},
	publisher = {\url{https://www.saedsayad.com/}},
	year = {visited 17.01.2021}
}
@book{rbf_params,
	author = {David Cournapeau and others},
	title = {RBF parameters},
	url = {https://www.programmersought.com/article/44944139126/},
	publisher = {sklearn},
	year = {since 2007}
}
@book{svr,
	author = {David Cournapeau and others},
	title = {Support Vector Regression},
	url = {https://scikit-learn.org/stable/modules/generated
	/sklearn.svm.SVR.html},
	publisher = {sklearn},
	year = {visited 27.12.2020}
}
@book{knnreg,
	author = {David Cournapeau and others},
	title = {KNN Regression},
	url = {https://scikit-learn.org/stable/modules/neighbors.html#regression},
	publisher = {sklearn},
	year = {visited 10.04.2021}
}
@book{minkowski,
	author = {wikipedia.org},
	title = {Minkowski distance},
	publisher = {\url{https://en.wikipedia.org/wiki/Minkowski_distance}},
	year = {visited 10.04.2021}
}
@book{euclidean,
	author = {wikipedia.org},
	title = {Euclidean distance},
	publisher = {https://en.wikipedia.org/wiki/Euclidean\_distance},
	year = {visited 10.04.2021}
}
@book{scaler,
	author = {David Cournapeau and others},
	title = {Standard scaler},
	url = {https://scikit-learn.org/stable/modules/generated/sklearn.preprocessing.StandardScaler.html},
	publisher = {scikit-learn.org},
	year = {visited 18.04.2021}
}
@book{grid_search,
	author = {David Cournapeau and others},
	title = {Grid search},
	url = {https://scikit-learn.org/stable/modules/generated/sklearn.model_selection.GridSearchCV.html},
	publisher = {scikit-learn.org},
	year = {visited 18.04.2021}
}
@book{
	wcet,
	author = {V. P. Kozyrev},
	publisher = {Program Comput Soft 42, 41–48},
	title = {Estimation of the execution time in real-time systems},
	url = {https://link.springer.com/article/10.1134/S0361768816010059},
	year = {22 January 2016}
}
@book{
	time-analysis,
	publisher = {CRC Press},
	author = {Andreas Ermedahl, Jakob Engblom},
	title = {Execution Time Analysis for Embedded Real-Time Systems},
	url = {http://www.es.mdh.se/pdf_publications/2840.pdf},
	year = {January 2001}
}
@book{
	images-processing-time,
	publisher = {Norwegian University of Science and Technology},
	author = {Fredrik Bakkevig Haugli},
	title = {Using online worst-case execution time analysis and alternative tasks in real time systems},
	url = {https://core.ac.uk/download/pdf/52106972.pdf},
	year = {June 2014}
}
@book{
	ga,
	author = {Syed Abdul Baqi Shah, Muhammad Rashid, Muhammad Arif},
	publisher = {ICSCA '17},
	title = {A Prediction Model for Measurement-Based Timing Analysis},
	url = {https://www.researchgate.net/publication/316612110_A_prediction_model_for_measurement-based_timing_analysis},
	year = {February 2017}
}
@book{
	surogate,
	author = {Muhammad Rashid, Syed Abdul Baqi Shah, Muhammad Arif, Muhammad Kashif},
	title = {Determination of Worst-Case Data Using an Adaptive Surrogate Model for Real-Time System},
	url = {https://www.researchgate.net/publication/330739816_Determination_of_Worst-Case_Data_Using_an_Adaptive_Surrogate_Model_for_Real-Time_System},
	publisher = {Journal of Circuits, Systems and Computers 29(1)},
	year = {January 2019}
}
@book{
	program-features,
	author = {Fanqi Meng, Xiaohong Su, Zhaoyang Qu},
	year = {22 July 2016},
	publisher = {Springer Science+Business Media New York},
	title = {Nonlinear approach for estimating WCET during programming phase},
	url = {https://link-1springer-1com-1000096uu0143.eczyt.bg.pw.edu.pl/content/pdf/10.1007/s10586-016-0606-5.pdf},
}
@book{
	small-n,
	author = {David G. Jenkins, Pedro F. Quintana-Ascencio},
	title = {A solution to minimum sample size for regressions},
	url = {https://journals.plos.org/plosone/article?id=10.1371/journal.pone.0229345},
	year = {February 21, 2020},
	publisher = {Plos One}
}
@book{
	complexity,
	title = {The history of Algorithmic complexity},
	url = {https://scholarworks.umt.edu/cgi/viewcontent.cgi?referer=https://www.google.com/&httpsredir=1&article=1375&context=tme},
	publisher = {The Mathematics Enthusiast: Vol. 13 : No. 3 , Article 4},
	author = {Nasar, Audrey A.},
	year = {2016}
}
@book{
    iot,
    title = {Internet of Things},
    author = {Wortmann, F., Flüchter, K.},
    publisher = {Bus Inf Syst Eng 57, 221–224},
    year = {27 March 2015}
}
@book{
    xgb,
    title = {XGBoost: A Scalable Tree Boosting System},
    author = {Chen, T., Guestrin, C. },
    publisher = {Proceedings of the 22nd ACM SIGKDD International Conference on Knowledge Discovery and Data Mining (pp. 785–794)},
    year = {2016}
}